@book{Lloyd:1987:FLP:39279,
 author = {Lloyd, J. W.},
 title = {Foundations of Logic Programming; (2nd Extended Ed.)},
 year = {1987},
 isbn = {3-540-18199-7},
 publisher = {Springer-Verlag New York, Inc.},
 address = {New York, NY, USA},
}
